@article{Ozaki2019LargescaleLR,
  title={Large-scale Landmark Retrieval/Recognition under a Noisy and Diverse Dataset},
  author={Kohei Ozaki and Shuhei Yokoo},
  journal={ArXiv},
  year={2019},
  volume={abs/1906.04087}
}

@misc{gu2019team,
    title={Team JL Solution to Google Landmark Recognition 2019},
    author={Yinzheng Gu and Chuanpeng Li},
    year={2019},
    eprint={1906.11874},
    archivePrefix={arXiv},
    primaryClass={cs.CV}
}
@misc{Kaggle,
  title = {{Kaggle Google Landmark Recognition Challenge 2019} Second Google Landmark Recognition Challenge},
  howpublished = {\url{https://www.google.com/search?q=kaggle+google+landmark}},
  note = {Accessed: 2019-10-15}
}
@article{He_2016,
   title={Deep Residual Learning for Image Recognition},
   ISBN={9781467388511},
   url={http://dx.doi.org/10.1109/CVPR.2016.90},
   DOI={10.1109/cvpr.2016.90},
   journal={2016 IEEE Conference on Computer Vision and Pattern Recognition (CVPR)},
   publisher={IEEE},
   author={He, Kaiming and Zhang, Xiangyu and Ren, Shaoqing and Sun, Jian},
   year={2016},
   month={Jun}
}
@article{ILSVRC15,
Author = {Olga Russakovsky and Jia Deng and Hao Su and Jonathan Krause and Sanjeev Satheesh and Sean Ma and Zhiheng Huang and Andrej Karpathy and Aditya Khosla and Michael Bernstein and Alexander C. Berg and Li Fei-Fei},
Title = {{ImageNet Large Scale Visual Recognition Challenge}},
Year = {2015},
journal   = {International Journal of Computer Vision (IJCV)},
doi = {10.1007/s11263-015-0816-y},
volume={115},
number={3},
pages={211-252}
}